<?xml version="1.0" encoding="UTF-8"?><collection xmlns="http://www.loc.gov/MARC21/slim"><record><leader>00527nam--2200181-u-4500</leader><controlfield tag="001">000053170</controlfield><controlfield tag="002">20161230</controlfield><controlfield tag="005">20161230201051</controlfield><controlfield tag="008">110110s1000------------r-----000-0-eng-d</controlfield><datafield ind1=" " ind2=" " tag="020"><subfield code="a">0124362559</subfield></datafield><datafield ind1=" " ind2=" " tag="040"><subfield code="a">IFIN-HH</subfield></datafield><datafield ind1=" " ind2=" " tag="080"><subfield code="a">539.16</subfield></datafield><datafield ind1="1" ind2=" " tag="100"><subfield code="a">L'Annunziata, Michael F</subfield></datafield><datafield ind1="1" ind2="0" tag="245"><subfield code="a">Handbook of radioactivity analysis</subfield><subfield code="b">With a foreword by dr. mohamed m. elbaradei</subfield><subfield code="c">MICHAEL F. L'ANNUNZIATA (Ed.)</subfield></datafield><datafield ind1=" " ind2=" " tag="260"><subfield code="a">San Diego</subfield><subfield code="b">Academic Press</subfield><subfield code="c">1998</subfield></datafield><datafield ind1=" " ind2=" " tag="300"><subfield code="a">771P</subfield></datafield><datafield ind1=" " ind2=" " tag="852"><subfield code="a">81248</subfield><subfield code="c">539.16</subfield></datafield><datafield ind1=" " ind2=" " tag="CAT"><subfield code="a">Sys</subfield><subfield code="c">20110110</subfield><subfield code="h">160240</subfield></datafield></record></collection>